@book{Gilabert2018HumanDignity,
  title     = {Human Dignity and Human Rights},
  author    = {Pablo Gilabert},
  year      = {2018},
  publisher = {Oxford University Press},
  address   = {Oxford},
  isbn      = {9780198827221}
}