@book{DeanSensen2021_Respect,
  title     = {Respect: Philosophical Essays},
  editor    = {Richard Dean and Oliver Sensen},
  publisher = {Oxford University Press},
  year      = {2021},
  isbn      = {978-0-19-882493-0},
  doi       = {10.1093/oso/9780198824930.001.0001},
  url       = {https://doi.org/10.1093/oso/9780198824930.001.0001}
}

@incollection{DeanSensen2021_Introduction,
  author    = {Richard Dean and Oliver Sensen},
  title     = {Introduction},
  booktitle = {Respect: Philosophical Essays},
  editor    = {Richard Dean and Oliver Sensen},
  publisher = {Oxford University Press},
  year      = {2021},
  pages     = {xiii--xxii},
  isbn      = {978-0-19-882493-0},
  doi       = {10.1093/oso/9780198824930.001.0001},
  url       = {https://doi.org/10.1093/oso/9780198824930.001.0001}
}

@incollection{Debes2021_RespectHistory,
  author    = {Remy Debes},
  title     = {Respect: A History},
  booktitle = {Respect: Philosophical Essays},
  editor    = {Richard Dean and Oliver Sensen},
  publisher = {Oxford University Press},
  year      = {2021},
  pages     = {1--28}
}

@incollection{Pettit2021_ConversiveTheory,
  author    = {Philip Pettit},
  title     = {A Conversive Theory of Respect},
  booktitle = {Respect: Philosophical Essays},
  editor    = {Richard Dean and Oliver Sensen},
  publisher = {Oxford University Press},
  year      = {2021},
  pages     = {29--54}
}

@incollection{Gaus2021_PublicJustification,
  author    = {Gerald Gaus},
  title     = {Respect for Persons and Public Justification},
  booktitle = {Respect: Philosophical Essays},
  editor    = {Richard Dean and Oliver Sensen},
  publisher = {Oxford University Press},
  year      = {2021},
  pages     = {55--76}
}

@incollection{KriegelTimmons2021_KantianPhenomenology,
  author    = {Uriah Kriegel and Mark Timmons},
  title     = {The Phenomenology of Kantian Respect for Persons},
  booktitle = {Respect: Philosophical Essays},
  editor    = {Richard Dean and Oliver Sensen},
  publisher = {Oxford University Press},
  year      = {2021},
  pages     = {77--98}
}

@incollection{Sensen2021_TreatWithRespect,
  author    = {Oliver Sensen},
  title     = {How to Treat Someone with Respect},
  booktitle = {Respect: Philosophical Essays},
  editor    = {Richard Dean and Oliver Sensen},
  publisher = {Oxford University Press},
  year      = {2021},
  pages     = {99--120}
}

@incollection{Bagnoli2021_DynamicsFinitude,
  author    = {Carla Bagnoli},
  title     = {Respect and the Dynamics of Finitude},
  booktitle = {Respect: Philosophical Essays},
  editor    = {Richard Dean and Oliver Sensen},
  publisher = {Oxford University Press},
  year      = {2021},
  pages     = {121--139}
}

@incollection{Dean2021_CapacityRespect,
  author    = {Richard Dean},
  title     = {The Peculiar Idea of Respect for a Capacity},
  booktitle = {Respect: Philosophical Essays},
  editor    = {Richard Dean and Oliver Sensen},
  publisher = {Oxford University Press},
  year      = {2021},
  pages     = {140--156}
}

@incollection{Hill2021_Appreciation,
  author    = {Thomas E. Hill, Jr.},
  title     = {Beyond Respect and Beneficence: An Ideal of Appreciation},
  booktitle = {Respect: Philosophical Essays},
  editor    = {Richard Dean and Oliver Sensen},
  publisher = {Oxford University Press},
  year      = {2021},
  pages     = {157--170}
}

@incollection{Korsgaard2021_ValuingHumanity,
  author    = {Christine M. Korsgaard},
  title     = {Valuing Our Humanity},
  booktitle = {Respect: Philosophical Essays},
  editor    = {Richard Dean and Oliver Sensen},
  publisher = {Oxford University Press},
  year      = {2021},
  pages     = {171--191}
}

@incollection{Darwall2021_KantianRespect,
  author    = {Stephen Darwall},
  title     = {On a Kantian Form of Respect: "Before a Humble Common Man...My Spirit Bows"},
  booktitle = {Respect: Philosophical Essays},
  editor    = {Richard Dean and Oliver Sensen},
  publisher = {Oxford University Press},
  year      = {2021},
  pages     = {192--206}
}

@incollection{Dillon2021_FeministAnalysis,
  author    = {Robin S. Dillon},
  title     = {Self-Respect, Arrogance, and Power: A Feminist Analysis},
  booktitle = {Respect: Philosophical Essays},
  editor    = {Richard Dean and Oliver Sensen},
  publisher = {Oxford University Press},
  year      = {2021},
  pages     = {207--231}
}

@incollection{Khader2021_SelfRespectOppression,
  author    = {Serene J. Khader},
  title     = {Self-Respect under Conditions of Oppression},
  booktitle = {Respect: Philosophical Essays},
  editor    = {Richard Dean and Oliver Sensen},
  publisher = {Oxford University Press},
  year      = {2021},
  pages     = {232--251}
}

@incollection{Kerstein2021_Bioethics,
  author    = {Samuel J. Kerstein},
  title     = {A Lack of Respect in Bioethics},
  booktitle = {Respect: Philosophical Essays},
  editor    = {Richard Dean and Oliver Sensen},
  publisher = {Oxford University Press},
  year      = {2021},
  pages     = {252--269}
}

@incollection{Cureton2021_DisabledAdults,
  author    = {Adam Cureton},
  title     = {Treating Disabled Adults as Children: An Application of Kant's Conception of Respect},
  booktitle = {Respect: Philosophical Essays},
  editor    = {Richard Dean and Oliver Sensen},
  publisher = {Oxford University Press},
  year      = {2021},
  pages     = {270--288}
}

@incollection{Schwarz2021_RespectNature,
  author    = {Lucia Schwarz},
  title     = {Species Egalitarianism and Respect for Nature: Of Mice and Carrots},
  booktitle = {Respect: Philosophical Essays},
  editor    = {Richard Dean and Oliver Sensen},
  publisher = {Oxford University Press},
  year      = {2021},
  pages     = {289--302}
}

