@book{barak2012proportionality,
  author    = {Aharon Barak},
  title     = {Proportionality: Constitutional Rights and their Limitations},
  translator= {Doron Kalir},
  publisher = {Cambridge University Press},
  address   = {Cambridge, United Kingdom},
  year      = {2012},
  pages     = {638},
  series    = {Cambridge Studies in Constitutional Law},
  volume    = {2},
  isbn      = {9781107008588}
}

@book{barak2005purposive,
  author    = {Aharon Barak},
  title     = {Purposive Interpretation in Law},
  translator= {Sari Bashi},
  publisher = {Princeton University Press},
  address   = {Princeton, New Jersey},
  year      = {2005},
  pages     = {464},
  isbn      = {9780691133744}
}

@book{barak2015dignity,
  author    = {Aharon Barak},
  title     = {Human Dignity: The Constitutional Value and the Constitutional Right},
  translator= {Daniel Kayros},
  publisher = {Cambridge University Press},
  address   = {Cambridge, United Kingdom},
  year      = {2015},
  pages     = {400},
  isbn      = {9781107462069}
}