@book{beyleveld2001human,
  title     = {Human Dignity in Bioethics and Biolaw},
  author    = {Deryck Beyleveld and Roger Brownsword},
  year      = {2001},
  publisher = {Oxford University Press},
  address   = {Oxford},
  isbn      = {9780198268260}
}