@article{fletcher1984human,
  title     = {Human Dignity as a Constitutional Value},
  author    = {Fletcher, George P.},
  journal   = {University of Western Ontario Law Review},
  volume    = {22},
  number    = {2},
  pages     = {171--182},
  year      = {1984},
  publisher = {University of Western Ontario Faculty of Law}
}