@book{Capps2009HumanDignity,
  title     = {Human Dignity and the Foundations of International Law},
  author    = {Patrick Capps},
  year      = {2009},
  publisher = {Hart Publishing},
  address   = {Oxford},
  series    = {Studies in International Law},
  isbn      = {9781841133577},
  url       = {https://www.bloomsbury.com/uk/human-dignity-and-the-foundations-of-international-law-9781847318060/}
}