@book{waldron1999dignity,
  title     = {The Dignity of Legislation},
  author    = {Jeremy Waldron},
  year      = {1999},
  publisher = {Cambridge University Press},
  address   = {Cambridge, UK},
  series    = {The Seeley Lectures},
  isbn      = {9780521658836}
}

@incollection{Waldron2025_HumanDignity,
  author    = {Jeremy Waldron},
  title     = {Human Dignity},
  booktitle = {The Cambridge Handbook of Constitutional Theory},
  editor    = {Richard Bellamy and Jeff King},
  publisher = {Cambridge University Press},
  year      = {2025},
  chapter   = {2},
  doi       = {10.1017/9781108868143.004},
  url       = {https://doi.org/10.1017/9781108868143.004},
  keywords  = {human dignity, constitutional theory, Jeremy Waldron, Cambridge Handbook}
}

@book{waldron2012dignity,
  title     = {Dignity, Rank, and Rights},
  author    = {Jeremy Waldron},
  editor    = {Meir Dan-Cohen},
  year      = {2012},
  publisher = {Oxford University Press},
  address   = {New York, NY},
  isbn      = {9780199915439},
  url       = {https://global.oup.com/academic/product/dignity-rank-and-rights-9780199915439}
}