@article{Habermas2010,
  author    = {JÃ¼rgen Habermas},
  title     = {The Concept of Human Dignity and the Realistic Utopia of Human Rights},
  journal   = {Metaphilosophy},
  volume    = {41},
  number    = {4},
  pages     = {464--480},
  year      = {2010},
  publisher = {Blackwell Publishing},
  doi       = {10.1111/j.1467-9973.2010.01648.x}
}