@book{Luban2007_LegalEthics,
  author    = {David Luban},
  title     = {Legal Ethics and Human Dignity},
  publisher = {Cambridge University Press},
  year      = {2007},
  address   = {Cambridge},
  isbn      = {9780521862851},
  series    = {Cambridge Studies in Philosophy and Law},
  url       = {https://www.cambridge.org/core/books/legal-ethics-and-human-dignity/334BBFB388655C5806EBB811767AF335}
}