@article{rendtorff2002basic,
  author    = {Jacob Dahl Rendtorff},
  title     = {Basic ethical principles in European bioethics and biolaw: Autonomy, dignity, integrity and vulnerability â€“ Towards a foundation of bioethics and biolaw},
  journal   = {Medicine, Health Care and Philosophy},
  volume    = {5},
  number    = {3},
  pages     = {235--244},
  year      = {2002},
  doi       = {10.1023/A:1021132602330},
  publisher = {Springer},
  address   = {Dordrecht},
  issn      = {1386-7423},
  url       = {https://link.springer.com/article/10.1023/A:1021132602330}
}