@book{daly2012dignity,
  title     = {Dignity Rights: Courts, Constitutions, and the Worth of the Human Person},
  author    = {Erin Daly},
  year      = {2012},
  publisher = {University of Pennsylvania Press},
  address   = {Philadelphia},
  isbn      = {9780812244403},
  url       = {https://www.pennpress.org/9780812224757/dignity-rights/}
}