@article{Isaac1996_NewGuarantee,
  author    = {Jeffrey C. Isaac},
  title     = {A New Guarantee on Earth: Hannah Arendt on Human Dignity and the Politics of Human Rights},
  journal   = {American Political Science Review},
  volume    = {90},
  number    = {1},
  pages     = {61--73},
  year      = {1996},
  publisher = {Cambridge University Press},
  doi       = {10.2307/2082798},
  url       = {https://doi.org/10.2307/2082798}
}