@incollection{Brito2022_HumanRightsDignity,
  author    = {José de Sousa e Brito},
  title     = {From Human Rights to Human Dignity and Vice Versa},
  booktitle = {Human Dignity and the Autonomy of Law},
  editor    = {José Manuel Aroso Linhares and Manuel Atienza},
  publisher = {Springer},
  year      = {2022},
  series    = {Law and Visual Jurisprudence},
  volume    = {7},
  pages     = {13--18},
  doi       = {10.1007/978-3-031-14824-8_2},
  url       = {https://doi.org/10.1007/978-3-031-14824-8_2},
  keywords  = {human rights, human dignity}
}

@incollection{Rosas2022_ConsensusCompromise,
  author    = {João Cardoso Rosas},
  title     = {Models of Consensus and Compromise on Human Rights and Dignity},
  booktitle = {Human Dignity and the Autonomy of Law},
  editor    = {José Manuel Aroso Linhares and Manuel Atienza},
  publisher = {Springer},
  year      = {2022},
  series    = {Law and Visual Jurisprudence},
  volume    = {7},
  pages     = {19--30},
  doi       = {10.1007/978-3-031-14824-8_3},
  url       = {https://doi.org/10.1007/978-3-031-14824-8_3},
  keywords  = {human rights, human dignity, consensus, compromise}
}

@incollection{Atienza2022_Foundations,
  author    = {Manuel Atienza},
  title     = {The Foundations of Human Rights, Dignity or Autonomy?},
  booktitle = {Human Dignity and the Autonomy of Law},
  editor    = {José Manuel Aroso Linhares and Manuel Atienza},
  publisher = {Springer},
  year      = {2022},
  series    = {Law and Visual Jurisprudence},
  volume    = {7},
  pages     = {31--51},
  doi       = {10.1007/978-3-031-14824-8_4},
  url       = {https://doi.org/10.1007/978-3-031-14824-8_4},
  keywords  = {human rights, dignity, autonomy}
}

@incollection{Chia2022_LawsAutonomy,
  author    = {Eduardo A. Chia},
  title     = {Hart, Raz and Kelsen on the Puzzle of Law’s Autonomy},
  booktitle = {Human Dignity and the Autonomy of Law},
  editor    = {José Manuel Aroso Linhares and Manuel Atienza},
  publisher = {Springer},
  year      = {2022},
  series    = {Law and Visual Jurisprudence},
  volume    = {7},
  pages     = {55--87},
  doi       = {10.1007/978-3-031-14824-8_5},
  url       = {https://doi.org/10.1007/978-3-031-14824-8_5},
  keywords  = {legal theory, autonomy, Hart, Raz, Kelsen}
}

@incollection{Vega2022_ConstructivistMetaphors,
  author    = {Jesús Vega},
  title     = {Constructivist Metaphors and Law’s Autonomy in Legal Post-Positivism},
  booktitle = {Human Dignity and the Autonomy of Law},
  editor    = {José Manuel Aroso Linhares and Manuel Atienza},
  publisher = {Springer},
  year      = {2022},
  series    = {Law and Visual Jurisprudence},
  volume    = {7},
  pages     = {89--111},
  doi       = {10.1007/978-3-031-14824-8_6},
  url       = {https://doi.org/10.1007/978-3-031-14824-8_6},
  keywords  = {legal theory, autonomy, constructivism, post-positivism}
}

@incollection{Gaudencio2022_MeritValueJustification,
  author    = {Ana Margarida Simões Gaudêncio},
  title     = {Merit, Value and Justification: Human Dignity Vis-à-Vis Legal (Inter)subjectivity—The Autonomy of Subjects Within the Autonomy of Law},
  booktitle = {Human Dignity and the Autonomy of Law},
  editor    = {José Manuel Aroso Linhares and Manuel Atienza},
  publisher = {Springer},
  year      = {2022},
  series    = {Law and Visual Jurisprudence},
  volume    = {7},
  pages     = {115--131},
  doi       = {10.1007/978-3-031-14824-8_7},
  url       = {https://doi.org/10.1007/978-3-031-14824-8_7},
  keywords  = {human dignity, legal subjectivity, autonomy}
}

@incollection{Niccolai2022_PrinciplesRules,
  author    = {Silvia Niccolai},
  title     = {Between Principles and Rules},
  booktitle = {Human Dignity and the Autonomy of Law},
  editor    = {José Manuel Aroso Linhares and Manuel Atienza},
  publisher = {Springer},
  year      = {2022},
  series    = {Law and Visual Jurisprudence},
  volume    = {7},
  pages     = {133--165},
  doi       = {10.1007/978-3-031-14824-8_8},
  url       = {https://doi.org/10.1007/978-3-031-14824-8_8},
  keywords  = {legal principles, legal rules, human dignity}
}

@incollection{Cortes2022_LegalMeaningDignity,
  author    = {António Cortês},
  title     = {The Legal Meaning of Human Dignity: Respect for Autonomy and Concern for Vulnerability},
  booktitle = {Human Dignity and the Autonomy of Law},
  editor    = {José Manuel Aroso Linhares and Manuel Atienza},
  publisher = {Springer},
  year      = {2022},
  series    = {Law and Visual Jurisprudence},
  volume    = {7},
  pages     = {167--182},
  doi       = {10.1007/978-3-031-14824-8_9},
  url       = {https://doi.org/10.1007/978-3-031-14824-8_9},
  keywords  = {human dignity, autonomy, vulnerability, legal theory}
}

@incollection{Petrilli2022_LawDignityLevinas,
  author    = {Susan Petrilli},
  title     = {The Double Sense of the Law-Dignity Relationship in Emmanuel Levinas},
  booktitle = {Human Dignity and the Autonomy of Law},
  editor    = {José Manuel Aroso Linhares and Manuel Atienza},
  publisher = {Springer},
  year      = {2022},
  series    = {Law and Visual Jurisprudence},
  volume    = {7},
  pages     = {185--219},
  doi       = {10.1007/978-3-031-14824-8_10},
  url       = {https://doi.org/10.1007/978-3-031-14824-8_10},
  keywords  = {Emmanuel Levinas, law, dignity, legal philosophy}
}

@incollection{Ponzio2022_LevinasianPerspective,
  author    = {Augusto Ponzio},
  title     = {Human Rights, Rights of the Other, and Preventive Peace: A Levinasian Perspective},
  booktitle = {Human Dignity and the Autonomy of Law},
  editor    = {José Manuel Aroso Linhares and Manuel Atienza},
  publisher = {Springer},
  year      = {2022},
  series    = {Law and Visual Jurisprudence},
  volume    = {7},
  pages     = {221--237},
  doi       = {10.1007/978-3-031-14824-8_11},
  url       = {https://doi.org/10.1007/978-3-031-14824-8_11},
  keywords  = {Levinas, human dignity, human rights, otherness, peace, legal theory}
}

@incollection{Copley2022_NoArgument,
  author    = {Julie Copley},
  title     = {No Argument: Human Dignity and the Making of Legislation},
  booktitle = {Human Dignity and the Autonomy of Law},
  editor    = {José Manuel Aroso Linhares and Manuel Atienza},
  publisher = {Springer},
  year      = {2022},
  series    = {Law and Visual Jurisprudence},
  volume    = {7},
  pages     = {239--257},
  doi       = {10.1007/978-3-031-14824-8_12},
  url       = {https://doi.org/10.1007/978-3-031-14824-8_12},
  keywords  = {human dignity, legislation, Jeremy Waldron}
}

@incollection{Linhares2022_DignityIdea,
  author    = {José Manuel Aroso Linhares},
  title     = {Is Dignity a Non-contingent Autonomously Juridical “Idea”? A Conversation Piece with Jeremy Waldron},
  booktitle = {Human Dignity and the Autonomy of Law},
  editor    = {José Manuel Aroso Linhares and Manuel Atienza},
  publisher = {Springer},
  year      = {2022},
  series    = {Law and Visual Jurisprudence},
  volume    = {7},
  pages     = {259--275},
  doi       = {10.1007/978-3-031-14824-8_13},
  url       = {https://doi.org/10.1007/978-3-031-14824-8_13},
  keywords  = {human dignity, legal theory, Jeremy Waldron}
}

@incollection{Kamir2022_IsraeliControversy,
  author    = {Orit Kamir},
  title     = {Does Dignity Promote Law’s Autonomy or Undermine It? The Israeli Controversy},
  booktitle = {Human Dignity and the Autonomy of Law},
  editor    = {José Manuel Aroso Linhares and Manuel Atienza},
  publisher = {Springer},
  year      = {2022},
  series    = {Law and Visual Jurisprudence},
  volume    = {7},
  pages     = {279--291},
  doi       = {10.1007/978-3-031-14824-8_14},
  url       = {https://doi.org/10.1007/978-3-031-14824-8_14},
  keywords  = {human dignity, law's autonomy, Israeli law}
}

@incollection{Duarte2022_JusAesthetic,
  author    = {Brisa Paim Duarte},
  title     = {Images and Counter-Images of Humanitas: A Jus-Aesthetic Approach to the Problem of Law’s Normative Validity: Beyond the Blindness-and-Sightedness Polarity},
  booktitle = {Human Dignity and the Autonomy of Law},
  editor    = {José Manuel Aroso Linhares and Manuel Atienza},
  publisher = {Springer},
  year      = {2022},
  series    = {Law and Visual Jurisprudence},
  volume    = {7},
  pages     = {293--306},
  doi       = {10.1007/978-3-031-14824-8_15},
  url       = {https://doi.org/10.1007/978-3-031-14824-8_15},
  keywords  = {human dignity, legal aesthetics, normative validity}
}
