@book{Smith1995_HumanDignity,
  author    = {Michael A. Smith},
  title     = {Human Dignity and the Common Good in the Aristotelian-Thomistic Tradition},
  publisher = {Edwin Mellen Press},
  year      = {1995},
  address   = {Lewiston, NY},
  isbn      = {9780773422797}
}