@book{presidentscouncil2008human,
  title     = {Human Dignity and Bioethics: Essays Commissioned by the President's Council on Bioethics},
  author    = {{President's Council on Bioethics}},
  year      = {2008},
  month     = mar,
  publisher = {President's Council on Bioethics},
  address   = {Washington, D.C.},
  isbn      = {9780160800719},
  url       = {https://bioethicsarchive.georgetown.edu/pcbe/reports/human_dignity/}
}

@incollection{schulman2008bioethics,
  author    = {Adam Schulman},
  title     = {Bioethics and the Question of Human Dignity},
  booktitle = {Human Dignity and Bioethics: Essays Commissioned by the President's Council on Bioethics},
  publisher = {President's Council on Bioethics},
  address   = {Washington, D.C.},
  year      = {2008},
  pages     = {3--18}
}

@incollection{davis2008respect,
  author    = {F. Daniel Davis},
  title     = {Human Dignity and Respect for Persons: A Historical Perspective on Public Bioethics},
  booktitle = {Human Dignity and Bioethics: Essays Commissioned by the President's Council on Bioethics},
  publisher = {President's Council on Bioethics},
  address   = {Washington, D.C.},
  year      = {2008},
  pages     = {19--38}
}

@incollection{dennett2008protect,
  author    = {Daniel C. Dennett},
  title     = {How to Protect Human Dignity from Science},
  booktitle = {Human Dignity and Bioethics: Essays Commissioned by the President's Council on Bioethics},
  publisher = {President's Council on Bioethics},
  address   = {Washington, D.C.},
  year      = {2008},
  pages     = {39--60}
}

@incollection{kraynak2008soul,
  author    = {Robert P. Kraynak},
  title     = {Human Dignity and the Mystery of the Human Soul},
  booktitle = {Human Dignity and Bioethics: Essays Commissioned by the President's Council on Bioethics},
  publisher = {President's Council on Bioethics},
  address   = {Washington, D.C.},
  year      = {2008},
  pages     = {61--82}
}

@incollection{churchland2008neurophilosophical,
  author    = {Patricia S. Churchland},
  title     = {Human Dignity from a Neurophilosophical Perspective},
  booktitle = {Human Dignity and Bioethics: Essays Commissioned by the President's Council on Bioethics},
  publisher = {President's Council on Bioethics},
  address   = {Washington, D.C.},
  year      = {2008},
  pages     = {99--121}
}

@incollection{rolston2008uniqueness,
  author    = {Holmes Rolston III},
  title     = {Human Uniqueness and Human Dignity: Persons in Nature and the Nature of Persons},
  booktitle = {Human Dignity and Bioethics: Essays Commissioned by the President's Council on Bioethics},
  publisher = {President's Council on Bioethics},
  address   = {Washington, D.C.},
  year      = {2008},
  pages     = {129--154}
}

@incollection{rubin2008future,
  author    = {Charles Rubin},
  title     = {Human Dignity and the Future of Man},
  booktitle = {Human Dignity and Bioethics: Essays Commissioned by the President's Council on Bioethics},
  publisher = {President's Council on Bioethics},
  address   = {Washington, D.C.},
  year      = {2008},
  pages     = {155--172}
}

@incollection{bostrom2008enhancement,
  author    = {Nick Bostrom},
  title     = {Dignity and Enhancement},
  booktitle = {Human Dignity and Bioethics: Essays Commissioned by the President's Council on Bioethics},
  publisher = {President's Council on Bioethics},
  address   = {Washington, D.C.},
  year      = {2008},
  pages     = {173--206}
}

@incollection{neuhaus2008discourse,
  author    = {Richard John Neuhaus},
  title     = {Human Dignity and Public Discourse},
  booktitle = {Human Dignity and Bioethics: Essays Commissioned by the President's Council on Bioethics},
  publisher = {President's Council on Bioethics},
  address   = {Washington, D.C.},
  year      = {2008},
  pages     = {215--228}
}

@incollection{lawler2008modern,
  author    = {Peter Augustine Lawler},
  title     = {Modern and American Dignity},
  booktitle = {Human Dignity and Bioethics: Essays Commissioned by the President's Council on Bioethics},
  publisher = {President's Council on Bioethics},
  address   = {Washington, D.C.},
  year      = {2008},
  pages     = {229--252}
}

@incollection{meilaender2008vision,
  author    = {Gilbert Meilaender},
  title     = {Human Dignity: Exploring and Explicating the Council's Vision},
  booktitle = {Human Dignity and Bioethics: Essays Commissioned by the President's Council on Bioethics},
  publisher = {President's Council on Bioethics},
  address   = {Washington, D.C.},
  year      = {2008},
  pages     = {253--277}
}

@incollection{kass2008defending,
  author    = {Leon R. Kass},
  title     = {Defending Human Dignity},
  booktitle = {Human Dignity and Bioethics: Essays Commissioned by the President's Council on Bioethics},
  publisher = {President's Council on Bioethics},
  address   = {Washington, D.C.},
  year      = {2008},
  pages     = {297--332}
}

@incollection{shell2008kant,
  author    = {Susan M. Shell},
  title     = {Kant's Concept of Human Dignity as a Resource for Bioethics},
  booktitle = {Human Dignity and Bioethics: Essays Commissioned by the President's Council on Bioethics},
  publisher = {President's Council on Bioethics},
  address   = {Washington, D.C.},
  year      = {2008},
  pages     = {333--350}
}

@incollection{nussbaum2008entitlements,
  author    = {Martha Nussbaum},
  title     = {Human Dignity and Political Entitlements},
  booktitle = {Human Dignity and Bioethics: Essays Commissioned by the President's Council on Bioethics},
  publisher = {President's Council on Bioethics},
  address   = {Washington, D.C.},
  year      = {2008},
  pages     = {351--380}
}

@incollection{gelernter2008religious,
  author    = {David Gelernter},
  title     = {The Irreducibly Religious Character of Human Dignity},
  booktitle = {Human Dignity and Bioethics: Essays Commissioned by the President's Council on Bioethics},
  publisher = {President's Council on Bioethics},
  address   = {Washington, D.C.},
  year      = {2008},
  pages     = {387--408}
}

@incollection{lee2008nature,
  author    = {Patrick Lee and Robert P. George},
  title     = {The Nature and Basis of Human Dignity},
  booktitle = {Human Dignity and Bioethics: Essays Commissioned by the President's Council on Bioethics},
  publisher = {President's Council on Bioethics},
  address   = {Washington, D.C.},
  year      = {2008},
  pages     = {409--434}
}

@incollection{weithman2008arguments,
  author    = {Paul Weithman},
  title     = {Two Arguments from Human Dignity},
  booktitle = {Human Dignity and Bioethics: Essays Commissioned by the President's Council on Bioethics},
  publisher = {President's Council on Bioethics},
  address   = {Washington, D.C.},
  year      = {2008},
  pages     = {435--468}
}

@incollection{sulmasy2008history,
  author    = {Daniel P. Sulmasy},
  title     = {Dignity and Bioethics: History, Theory, and Selected Applications},
  booktitle = {Human Dignity and Bioethics: Essays Commissioned by the President's Council on Bioethics},
  publisher = {President's Council on Bioethics},
  address   = {Washington, D.C.},
  year      = {2008},
  pages     = {469--504}
}

@incollection{dresser2008seriously,
  author    = {Rebecca Dresser},
  title     = {Human Dignity and the Seriously Ill Patient},
  booktitle = {Human Dignity and Bioethics: Essays Commissioned by the President's Council on Bioethics},
  publisher = {President's Council on Bioethics},
  address   = {Washington, D.C.},
  year      = {2008},
  pages     = {505--512}
}

@incollection{pellegrino2008lived,
  author    = {Edmund D. Pellegrino},
  title     = {The Lived Experience of Human Dignity},
  booktitle = {Human Dignity and Bioethics: Essays Commissioned by the President's Council on Bioethics},
  editor    = {Adam Schulman and Thomas W. Merrill and Edmund D. Pellegrino},
  publisher = {President's Council on Bioethics},
  address   = {Washington, D.C.},
  year      = {2008},
  pages     = {513--540},
}

