@book{Kateb2011_HumanDignity,
  title     = {Human Dignity},
  author    = {George Kateb},
  publisher = {Belknap Press of Harvard University Press},
  year      = {2011},
  address   = {Cambridge, MA},
  isbn      = {9780674048379},
  url       = {https://www.hup.harvard.edu/books/9780674048379}
}