@article{McCrudden2008_HumanDignity,
  author    = {Christopher McCrudden},
  title     = {Human Dignity and Judicial Interpretation of Human Rights},
  journal   = {European Journal of International Law},
  volume    = {19},
  number    = {4},
  pages     = {655--724},
  year      = {2008},
  doi       = {10.1093/ejil/chn043},
  url       = {https://academic.oup.com/ejil/article/19/4/655/349356}
}