@book{Gilabert2023_HumanDignitySocialJustice,
  author    = {Pablo Gilabert},
  title     = {Human Dignity and Social Justice},
  publisher = {Oxford University Press},
  year      = {2023},
  address   = {Oxford, UK},
  isbn      = {9780192871152},
  doi       = {10.1093/oso/9780192871152.001.0001},
  url       = {https://global.oup.com/academic/product/human-dignity-and-social-justice-9780192871152}
}