@book{cruft2015philosophical,
  title     = {Philosophical Foundations of Human Rights},
  editor    = {Rowan Cruft and S. Matthew Liao and Massimo Renzo},
  year      = {2015},
  publisher = {Oxford University Press},
  address   = {Oxford, United Kingdom},
  isbn      = {9780199688623},
  series    = {Philosophical Foundations of Law}
}

@incollection{cruft2015overview,
  author    = {Rowan Cruft and S. Matthew Liao and Massimo Renzo},
  title     = {The Philosophical Foundations of Human Rights: An Overview},
  booktitle = {Philosophical Foundations of Human Rights},
  editor    = {Rowan Cruft and S. Matthew Liao and Massimo Renzo},
  publisher = {Oxford University Press},
  address   = {Oxford, United Kingdom},
  year      = {2015},
  pages     = {1--44},
  isbn      = {9780199688623}
}

@incollection{tasioulas2015foundations,
  author    = {John Tasioulas},
  title     = {On the Foundations of Human Rights},
  booktitle = {Philosophical Foundations of Human Rights},
  editor    = {Rowan Cruft and S. Matthew Liao and Massimo Renzo},
  publisher = {Oxford University Press},
  address   = {Oxford, United Kingdom},
  year      = {2015},
  pages     = {45--70},
  isbn      = {9780199688623}
}

@incollection{oneill2015response,
  author    = {Onora O'Neill},
  title     = {Response to John Tasioulas},
  booktitle = {Philosophical Foundations of Human Rights},
  editor    = {Rowan Cruft and S. Matthew Liao and Massimo Renzo},
  publisher = {Oxford University Press},
  address   = {Oxford, United Kingdom},
  year      = {2015},
  pages     = {71--78},
  isbn      = {9780199688623}
}

@incollection{liao2015goodlife,
  author    = {S. Matthew Liao},
  title     = {Human Rights as Fundamental Conditions for a Good Life},
  booktitle = {Philosophical Foundations of Human Rights},
  editor    = {Rowan Cruft and S. Matthew Liao and Massimo Renzo},
  publisher = {Oxford University Press},
  address   = {Oxford, United Kingdom},
  year      = {2015},
  pages     = {79--100},
  isbn      = {9780199688623}
}

@incollection{cruft2015complications,
  author    = {Rowan Cruft},
  title     = {From a Good Life to Human Rights: Some Complications},
  booktitle = {Philosophical Foundations of Human Rights},
  editor    = {Rowan Cruft and S. Matthew Liao and Massimo Renzo},
  publisher = {Oxford University Press},
  address   = {Oxford, United Kingdom},
  year      = {2015},
  pages     = {101--116},
  isbn      = {9780199688623}
}

@incollection{waldron2015dignity,
  author    = {Jeremy Waldron},
  title     = {Is Dignity the Foundation of Human Rights?},
  booktitle = {Philosophical Foundations of Human Rights},
  editor    = {Rowan Cruft and S. Matthew Liao and Massimo Renzo},
  publisher = {Oxford University Press},
  address   = {Oxford, United Kingdom},
  year      = {2015},
  pages     = {117--137},
  isbn      = {9780199688623}
}

@incollection{simmons2015natural,
  author    = {A. John Simmons},
  title     = {Human Rights, Natural Rights, and Human Dignity},
  booktitle = {Philosophical Foundations of Human Rights},
  editor    = {Rowan Cruft and S. Matthew Liao and Massimo Renzo},
  publisher = {Oxford University Press},
  address   = {Oxford, United Kingdom},
  year      = {2015},
  pages     = {138--152},
  isbn      = {9780199688623}
}

@incollection{nickel2015deserts,
  author    = {James W. Nickel},
  title     = {Personal Deserts and Human Rights},
  booktitle = {Philosophical Foundations of Human Rights},
  editor    = {Rowan Cruft and S. Matthew Liao and Massimo Renzo},
  publisher = {Oxford University Press},
  address   = {Oxford, United Kingdom},
  year      = {2015},
  pages     = {153--165},
  isbn      = {9780199688623}
}

@incollection{stemplowska2015desert,
  author    = {Zofia Stemplowska},
  title     = {Can Moral Desert Qualify or Justify Human Rights?},
  booktitle = {Philosophical Foundations of Human Rights},
  editor    = {Rowan Cruft and S. Matthew Liao and Massimo Renzo},
  publisher = {Oxford University Press},
  address   = {Oxford, United Kingdom},
  year      = {2015},
  pages     = {166--176},
  isbn      = {9780199688623}
}

@incollection{gould2015ontology,
  author    = {Carol C. Gould},
  title     = {A Social Ontology of Human Rights},
  booktitle = {Philosophical Foundations of Human Rights},
  editor    = {Rowan Cruft and S. Matthew Liao and Massimo Renzo},
  publisher = {Oxford University Press},
  address   = {Oxford, United Kingdom},
  year      = {2015},
  pages     = {177--195},
  isbn      = {9780199688623}
}

@incollection{gilabert2015dignity,
  author    = {Pablo Gilabert},
  title     = {Human Rights, Human Dignity, and Power},
  booktitle = {Philosophical Foundations of Human Rights},
  editor    = {Rowan Cruft and S. Matthew Liao and Massimo Renzo},
  publisher = {Oxford University Press},
  address   = {Oxford, United Kingdom},
  year      = {2015},
  pages     = {196--213}
}

@incollection{raz2015emerging,
  author    = {Joseph Raz},
  title     = {Human Rights in the Emerging World Order},
  booktitle = {Philosophical Foundations of Human Rights},
  editor    = {Rowan Cruft and S. Matthew Liao and Massimo Renzo},
  publisher = {Oxford University Press},
  address   = {Oxford, United Kingdom},
  year      = {2015},
  pages     = {217--231},
  isbn      = {9780199688623}
}

@incollection{miller2015appraisal,
  author    = {David Miller},
  title     = {Joseph Raz on Human Rights: A Critical Appraisal},
  booktitle = {Philosophical Foundations of Human Rights},
  editor    = {Rowan Cruft and S. Matthew Liao and Massimo Renzo},
  publisher = {Oxford University Press},
  address   = {Oxford, United Kingdom},
  year      = {2015},
  pages     = {232--243},
  isbn      = {9780199688623}
}

@incollection{buchanan2015international,
  author    = {Allen Buchanan},
  title     = {Why International Legal Human Rights?},
  booktitle = {Philosophical Foundations of Human Rights},
  editor    = {Rowan Cruft and S. Matthew Liao and Massimo Renzo},
  publisher = {Oxford University Press},
  address   = {Oxford, United Kingdom},
  year      = {2015},
  pages     = {244--262},
  isbn      = {9780199688623}
}

@incollection{luban2015response,
  author    = {David Luban},
  title     = {Response to Buchanan},
  booktitle = {Philosophical Foundations of Human Rights},
  editor    = {Rowan Cruft and S. Matthew Liao and Massimo Renzo},
  publisher = {Oxford University Press},
  address   = {Oxford, United Kingdom},
  year      = {2015},
  pages     = {263--278},
  isbn      = {9780199688623}
}

@incollection{besson2015validation,
  author    = {Samantha Besson},
  title     = {Human Rights and Constitutional Law: Patterns of Mutual Validation and Legitimation},
  booktitle = {Philosophical Foundations of Human Rights},
  editor    = {Rowan Cruft and S. Matthew Liao and Massimo Renzo},
  publisher = {Oxford University Press},
  address   = {Oxford, United Kingdom},
  year      = {2015},
  pages     = {279--299},
  isbn      = {9780199688623}
}

@incollection{meckledgarcia2015response,
  author    = {Saladin Meckled-Garcia},
  title     = {Specifying Human Rights},
  booktitle = {Philosophical Foundations of Human Rights},
  editor    = {Rowan Cruft and S. Matthew Liao and Massimo Renzo},
  publisher = {Oxford University Press},
  address   = {Oxford, United Kingdom},
  year      = {2015},
  pages     = {300--315},
  isbn      = {9780199688623}
}

@incollection{letsas2015proportionality,
  author    = {George Letsas},
  title     = {Rescuing Proportionality},
  booktitle = {Philosophical Foundations of Human Rights},
  editor    = {Rowan Cruft and S. Matthew Liao and Massimo Renzo},
  publisher = {Oxford University Press},
  address   = {Oxford, United Kingdom},
  year      = {2015},
  pages     = {316--340},
  isbn      = {9780199688623}
}

@incollection{verdirame2015response,
  author    = {Guglielmo Verdirame},
  title     = {Rescuing Human Rights from Proportionality},
  booktitle = {Philosophical Foundations of Human Rights},
  editor    = {Rowan Cruft and S. Matthew Liao and Massimo Renzo},
  publisher = {Oxford University Press},
  address   = {Oxford, United Kingdom},
  year      = {2015},
  pages     = {341--358},
  isbn      = {9780199688623}
}

@incollection{brettschneider2015speech,
  author    = {Corey Brettschneider},
  title     = {Free Speech as an Inverted Right and Democratic Persuasion},
  booktitle = {Philosophical Foundations of Human Rights},
  editor    = {Rowan Cruft and S. Matthew Liao and Massimo Renzo},
  publisher = {Oxford University Press},
  address   = {Oxford, United Kingdom},
  year      = {2015},
  pages     = {359--378},
  isbn      = {9780199688623}
}

@incollection{alexander2015response,
  author    = {Larry Alexander},
  title     = {Free Speech and "Democratic Persuasion"},
  booktitle = {Philosophical Foundations of Human Rights},
  editor    = {Rowan Cruft and S. Matthew Liao and Massimo Renzo},
  publisher = {Oxford University Press},
  address   = {Oxford, United Kingdom},
  year      = {2015},
  pages     = {379--387},
  isbn      = {9780199688623}
}

@incollection{zucca2015freedom,
  author    = {Lorenzo Zucca},
  title     = {Freedom of Religion in a Secular World},
  booktitle = {Philosophical Foundations of Human Rights},
  editor    = {Rowan Cruft and S. Matthew Liao and Massimo Renzo},
  publisher = {Oxford University Press},
  address   = {Oxford, United Kingdom},
  year      = {2015},
  pages     = {388--406},
  isbn      = {9780199688623}
}

@incollection{audi2015religious,
  author    = {Robert Audi},
  title     = {Religious Liberty Conceived as a Human Right},
  booktitle = {Philosophical Foundations of Human Rights},
  editor    = {Rowan Cruft and S. Matthew Liao and Massimo Renzo},
  publisher = {Oxford University Press},
  address   = {Oxford, United Kingdom},
  year      = {2015},
  pages     = {407--422},
  isbn      = {9780199688623}
}

@incollection{lazarus2015security,
  author    = {Liora Lazarus},
  title     = {The Right to Security},
  booktitle = {Philosophical Foundations of Human Rights},
  editor    = {Rowan Cruft and S. Matthew Liao and Massimo Renzo},
  publisher = {Oxford University Press},
  address   = {Oxford, United Kingdom},
  year      = {2015},
  pages     = {423--441},
  isbn      = {9780199688623}
}

@incollection{tadros2015rights,
  author    = {Victor Tadros},
  title     = {Rights and Security for Human Rights Sceptics},
  booktitle = {Philosophical Foundations of Human Rights},
  editor    = {Rowan Cruft and S. Matthew Liao and Massimo Renzo},
  publisher = {Oxford University Press},
  address   = {Oxford, United Kingdom},
  year      = {2015},
  pages     = {442--458},
  isbn      = {9780199688623}
}

@incollection{christiano2015self,
  author    = {Thomas Christiano},
  title     = {Self-determination and the Human Right to Democracy},
  booktitle = {Philosophical Foundations of Human Rights},
  editor    = {Rowan Cruft and S. Matthew Liao and Massimo Renzo},
  publisher = {Oxford University Press},
  address   = {Oxford, United Kingdom},
  year      = {2015},
  pages     = {459--480},
  isbn      = {9780199688623}
}

@incollection{peter2015democracy,
  author    = {Fabienne Peter},
  title     = {A Human Right to Democracy?},
  booktitle = {Philosophical Foundations of Human Rights},
  editor    = {Rowan Cruft and S. Matthew Liao and Massimo Renzo},
  publisher = {Oxford University Press},
  address   = {Oxford, United Kingdom},
  year      = {2015},
  pages     = {481--490},
  isbn      = {9780199688623}
}

@incollection{wolff2015health,
  author    = {Jonathan Wolff},
  title     = {The Content of the Human Right to Health},
  booktitle = {Philosophical Foundations of Human Rights},
  editor    = {Rowan Cruft and S. Matthew Liao and Massimo Renzo},
  publisher = {Oxford University Press},
  address   = {Oxford, United Kingdom},
  year      = {2015},
  pages     = {491--501},
  isbn      = {9780199688623}
}

@incollection{brownlee2015political,
  author    = {Kimberley Brownlee},
  title     = {Do We Have a Human Right to the Political Determinants of Health?},
  booktitle = {Philosophical Foundations of Human Rights},
  editor    = {Rowan Cruft and S. Matthew Liao and Massimo Renzo},
  publisher = {Oxford University Press},
  address   = {Oxford, United Kingdom},
  year      = {2015},
  pages     = {502--514},
  isbn      = {9780199688623}
}

@incollection{ashford2015subsistence,
  author    = {Elizabeth Ashford},
  title     = {A Moral Inconsistency Argument for a Basic Human Right to Subsistence},
  booktitle = {Philosophical Foundations of Human Rights},
  editor    = {Rowan Cruft and S. Matthew Liao and Massimo Renzo},
  publisher = {Oxford University Press},
  address   = {Oxford, United Kingdom},
  year      = {2015},
  pages     = {515--534},
  isbn      = {9780199688623}
}

@incollection{beitz2015force,
  author    = {Charles R. Beitz},
  title     = {The Force of Subsistence Rights},
  booktitle = {Philosophical Foundations of Human Rights},
  editor    = {Rowan Cruft and S. Matthew Liao and Massimo Renzo},
  publisher = {Oxford University Press},
  address   = {Oxford, United Kingdom},
  year      = {2015},
  pages     = {535--554},
  isbn      = {9780199688623}
}

@incollection{griffin2015relativity,
  author    = {James Griffin},
  title     = {The Relativity and Ethnocentricity of Human Rights},
  booktitle = {Philosophical Foundations of Human Rights},
  editor    = {Rowan Cruft and S. Matthew Liao and Massimo Renzo},
  publisher = {Oxford University Press},
  address   = {Oxford, United Kingdom},
  year      = {2015},
  pages     = {555--569},
  isbn      = {9780199688623}
}

@incollection{renzo2015needs,
  author    = {Massimo Renzo},
  title     = {Human Needs, Human Rights, and Parochialism},
  booktitle = {Philosophical Foundations of Human Rights},
  editor    = {Rowan Cruft and S. Matthew Liao and Massimo Renzo},
  publisher = {Oxford University Press},
  address   = {Oxford, United Kingdom},
  year      = {2015},
  pages     = {570--587},
  isbn      = {9780199688623}
}

@incollection{ci2015liberty,
  author    = {Jiwei Ci},
  title     = {Liberty Rights and the Limits of Liberal Democracy},
  booktitle = {Philosophical Foundations of Human Rights},
  editor    = {Rowan Cruft and S. Matthew Liao and Massimo Renzo},
  publisher = {Oxford University Press},
  address   = {Oxford, United Kingdom},
  year      = {2015},
  pages     = {588--607},
  isbn      = {9780199688623}
}

@incollection{hope2015reply,
  author    = {Simon Hope},
  title     = {Human Rights Without the Human Good? A Reply to Jiwei Ci},
  booktitle = {Philosophical Foundations of Human Rights},
  editor    = {Rowan Cruft and S. Matthew Liao and Massimo Renzo},
  publisher = {Oxford University Press},
  address   = {Oxford, United Kingdom},
  year      = {2015},
  pages     = {608--623},
  isbn      = {9780199688623}
}

@incollection{held2015care,
  author    = {Virginia Held},
  title     = {Care and Human Rights},
  booktitle = {Philosophical Foundations of Human Rights},
  editor    = {Rowan Cruft and S. Matthew Liao and Massimo Renzo},
  publisher = {Oxford University Press},
  address   = {Oxford, United Kingdom},
  year      = {2015},
  pages     = {624--641},
  isbn      = {9780199688623}
}

@incollection{mendus2015reply,
  author    = {Susan Mendus},
  title     = {Care and Human Rights: A Reply to Virginia Held},
  booktitle = {Philosophical Foundations of Human Rights},
  editor    = {Rowan Cruft and S. Matthew Liao and Massimo Renzo},
  publisher = {Oxford University Press},
  address   = {Oxford, United Kingdom},
  year      = {2015},
  pages     = {642--652},
  isbn      = {9780199688623}
}

@incollection{flikschuh2015kantian,
  author    = {Katrin Flikschuh},
  title     = {Human Rights in Kantian Mode: A Sketch},
  booktitle = {Philosophical Foundations of Human Rights},
  editor    = {Rowan Cruft and S. Matthew Liao and Massimo Renzo},
  publisher = {Oxford University Press},
  address   = {Oxford, United Kingdom},
  year      = {2015},
  pages     = {653--670},
  isbn      = {9780199688623}
}

@incollection{sangiovanni2015kantian,
  author    = {Andrea Sangiovanni},
  title     = {Why There Cannot Be a Truly Kantian Theory of Human Rights},
  booktitle = {Philosophical Foundations of Human Rights},
  editor    = {Rowan Cruft and S. Matthew Liao and Massimo Renzo},
  publisher = {Oxford University Press},
  address   = {Oxford, United Kingdom},
  year      = {2015},
  pages     = {671--690},
  isbn      = {9780199688623}
}