@online{sep-dignity,
  author    = {Remy Debes},
  title     = {Dignity},
  editor    = {Edward N. Zalta and Uri Nodelman},
  booktitle = {The Stanford Encyclopedia of Philosophy},
  year      = {2023},
  edition   = {Spring 2023},
  publisher = {Metaphysics Research Lab, Stanford University},
  url       = {https://plato.stanford.edu/archives/spr2023/entries/dignity/},
  note      = {Accessed 2023-03-21},
  keywords  = {dignity, philosophy, Stanford Encyclopedia, moral theory}
}
