@book{stetson1998human,
  title     = {Human Dignity and Contemporary Liberalism},
  author    = {Brad Stetson},
  publisher = {Praeger},
  address   = {Westport, CT},
  year      = {1998},
  isbn      = {9780275946258},
  url       = {https://www.bloomsbury.com/us/human-dignity-and-contemporary-liberalism-9781567509458/}
}