@book{McCrudden2013,
  editor    = {Christopher McCrudden},
  title     = {Understanding Human Dignity},
  publisher = {Oxford University Press},
  year      = {2013},
  address   = {Oxford},
  isbn      = {9780197265826},
  series    = {Proceedings of the British Academy},
  volume    = {192}
}

@incollection{McCrudden2013_Intro,
  author    = {Christopher McCrudden},
  title     = {In Pursuit of Human Dignity: An Introduction to Current Debates},
  booktitle = {Understanding Human Dignity},
  editor    = {Christopher McCrudden},
  publisher = {Oxford University Press},
  year      = {2013},
  pages     = {1--60},
  isbn      = {9780197265826}
}

@incollection{Scott2013_Dignite,
  author    = {Rebecca J. Scott},
  title     = {Dignité/Dignidade: Organizing Against Threats to Dignity in Societies After Slavery},
  booktitle = {Understanding Human Dignity},
  editor    = {Christopher McCrudden},
  publisher = {Oxford University Press},
  year      = {2013},
  pages     = {61--78},
  isbn      = {9780197265826}
}

@incollection{Goos2013_Wurde,
  author    = {Christoph Goos},
  title     = {Würde des Menschen: Restoring Human Dignity in Post-Nazi Germany},
  booktitle = {Understanding Human Dignity},
  editor    = {Christopher McCrudden},
  publisher = {Oxford University Press},
  year      = {2013},
  pages     = {79--94},
  isbn      = {9780197265826}
}

@incollection{Moyn2013_SecretHistory,
  author    = {Samuel Moyn},
  title     = {The Secret History of Constitutional Dignity},
  booktitle = {Understanding Human Dignity},
  editor    = {Christopher McCrudden},
  publisher = {Oxford University Press},
  year      = {2013},
  pages     = {95--112},
  isbn      = {9780197265826}
}

@incollection{Dupré2013_ConstructingMeaning,
  author    = {Catherine Dupré},
  title     = {Constructing the Meaning of Human Dignity: Four Questions},
  booktitle = {Understanding Human Dignity},
  editor    = {Christopher McCrudden},
  publisher = {Oxford University Press},
  year      = {2013},
  pages     = {113--122},
  isbn      = {9780197265826}
}

@incollection{Hollenbach2013_HumanDignity,
  author    = {David Hollenbach},
  title     = {Human Dignity: Experience and History, Practical Reason and Faith},
  booktitle = {Understanding Human Dignity},
  editor    = {Christopher McCrudden},
  publisher = {Oxford University Press},
  year      = {2013},
  pages     = {123--140},
  isbn      = {9780197265826}
}

@incollection{Rosen2013_DignityCaseAgainst,
  author    = {Michael Rosen},
  title     = {Dignity: The Case Against},
  booktitle = {Understanding Human Dignity},
  editor    = {Christopher McCrudden},
  publisher = {Oxford University Press},
  year      = {2013},
  pages     = {143--154},
  isbn      = {9780197265826}
}

@incollection{Gearty2013_SocioEconomicRights,
  author    = {Conor Gearty},
  title     = {Socio-Economic Rights, Basic Needs, and Human Dignity: A Perspective from Law's Front Line},
  booktitle = {Understanding Human Dignity},
  editor    = {Christopher McCrudden},
  publisher = {Oxford University Press},
  year      = {2013},
  pages     = {155--172},
  isbn      = {9780197265826}
}

@incollection{Mollers2013_TripleDilemma,
  author    = {Christoph Möllers},
  title     = {The Triple Dilemma of Human Dignity: A Case Study},
  booktitle = {Understanding Human Dignity},
  editor    = {Christopher McCrudden},
  publisher = {Oxford University Press},
  year      = {2013},
  pages     = {173--188},
  isbn      = {9780197265826}
}

@incollection{Milbank2013_DignityRatherThanRights,
  author    = {John Milbank},
  title     = {Dignity Rather Than Rights},
  booktitle = {Understanding Human Dignity},
  editor    = {Christopher McCrudden},
  publisher = {Oxford University Press},
  year      = {2013},
  pages     = {189--206},
  isbn      = {9780197265826}
}

@incollection{Hanvey2013_DignityPersonImagoTrinitatis,
  author    = {James Hanvey},
  title     = {Dignity, Person, and Imago Trinitatis},
  booktitle = {Understanding Human Dignity},
  editor    = {Christopher McCrudden},
  publisher = {Oxford University Press},
  year      = {2013},
  pages     = {209--228},
  isbn      = {9780197265826}
}

@incollection{Soskice2013_HumanDignityImageGod,
  author    = {Janet Soskice},
  title     = {Human Dignity and the Image of God},
  booktitle = {Understanding Human Dignity},
  editor    = {Christopher McCrudden},
  publisher = {Oxford University Press},
  year      = {2013},
  pages     = {229--244},
  isbn      = {9780197265826}
}

@incollection{Walsh2013_DignityEschatologicalConcept,
  author    = {David Walsh},
  title     = {Dignity as an Eschatological Concept},
  booktitle = {Understanding Human Dignity},
  editor    = {Christopher McCrudden},
  publisher = {Oxford University Press},
  year      = {2013},
  pages     = {245--258},
  isbn      = {9780197265826}
}

@incollection{Beattie2013_VanishingAbsolute,
  author    = {Tina Beattie},
  title     = {The Vanishing Absolute and the Deconsecrated God: A Theological Reflection on Revelation, Law and Human Dignity},
  booktitle = {Understanding Human Dignity},
  editor    = {Christopher McCrudden},
  publisher = {Oxford University Press},
  year      = {2013},
  pages     = {259--274},
  isbn      = {9780197265826}
}

@incollection{Gushee2013_ChristianTheologicalAccount,
  author    = {David P. Gushee},
  title     = {A Christian Theological Account of Human Worth},
  booktitle = {Understanding Human Dignity},
  editor    = {Christopher McCrudden},
  publisher = {Oxford University Press},
  year      = {2013},
  pages     = {275--288},
  isbn      = {9780197265826}
}

@incollection{Tasioulas2013_HumanDignityFoundations,
  author    = {John Tasioulas},
  title     = {Human Dignity and the Foundations of Human Rights},
  booktitle = {Understanding Human Dignity},
  editor    = {Christopher McCrudden},
  publisher = {Oxford University Press},
  year      = {2013},
  pages     = {291--312},
  isbn      = {9780197265826}
}

@incollection{Hill2013_DefenceHumanDignity,
  author    = {Thomas E. Hill Jr.},
  title     = {In Defence of Human Dignity: Comments on Kant and Rosen},
  booktitle = {Understanding Human Dignity},
  editor    = {Christopher McCrudden},
  publisher = {Oxford University Press},
  year      = {2013},
  pages     = {313--326},
  isbn      = {9780197265826}
}

@incollection{Waldron2013_CitizenshipDignity,
  author    = {Jeremy Waldron},
  title     = {Citizenship and Dignity},
  booktitle = {Understanding Human Dignity},
  editor    = {Christopher McCrudden},
  publisher = {Oxford University Press},
  year      = {2013},
  pages     = {327--344},
  isbn      = {9780197265826}
}

@incollection{Brownsword2013_DoRightThing,
  author    = {Roger Brownsword},
  title     = {Human Dignity, Human Rights, and Simply Trying to Do the Right Thing},
  booktitle = {Understanding Human Dignity},
  editor    = {Christopher McCrudden},
  publisher = {Oxford University Press},
  year      = {2013},
  pages     = {345--358},
  isbn      = {9780197265826}
}

@incollection{Barak2013_ConstitutionalDignity,
  author    = {Aharon Barak},
  title     = {Human Dignity: The Constitutional Value and the Constitutional Right},
  booktitle = {Understanding Human Dignity},
  editor    = {Christopher McCrudden},
  publisher = {Oxford University Press},
  year      = {2013},
  pages     = {361--380},
  isbn      = {9780197265826}
}

@incollection{Grimm2013_DignityLegalContext,
  author    = {Dieter Grimm},
  title     = {Dignity in a Legal Context: Dignity as an Absolute Right},
  booktitle = {Understanding Human Dignity},
  editor    = {Christopher McCrudden},
  publisher = {Oxford University Press},
  year      = {2013},
  pages     = {381--392},
  isbn      = {9780197265826}
}

@incollection{Costa2013_ECHRJurisprudence,
  author    = {Jean-Paul Costa},
  title     = {Human Dignity in the Jurisprudence of the European Court of Human Rights},
  booktitle = {Understanding Human Dignity},
  editor    = {Christopher McCrudden},
  publisher = {Oxford University Press},
  year      = {2013},
  pages     = {393--404},
  isbn      = {9780197265826}
}

@incollection{Rivers2013_JustifyingFreedomReligion,
  author    = {Julian Rivers},
  title     = {Justifying Freedom of Religion: Does 'Dignity' Help?},
  booktitle = {Understanding Human Dignity},
  editor    = {Christopher McCrudden},
  publisher = {Oxford University Press},
  year      = {2013},
  pages     = {405--420},
  isbn      = {9780197265826}
}

@incollection{Riordan2013_WhichDignity,
  author    = {Patrick Riordan},
  title     = {Which Dignity? Which Religious Freedom?},
  booktitle = {Understanding Human Dignity},
  editor    = {Christopher McCrudden},
  publisher = {Oxford University Press},
  year      = {2013},
  pages     = {421--434},
  isbn      = {9780197265826}
}

@incollection{Dellavalle2013_ImagoDeiMutualRecognition,
  author    = {Sergio Dellavalle},
  title     = {From Imago Dei to Mutual Recognition: The Evolution of the Concept of Human Dignity in the Light of the Defence of Religious Freedom},
  booktitle = {Understanding Human Dignity},
  editor    = {Christopher McCrudden},
  publisher = {Oxford University Press},
  year      = {2013},
  pages     = {435--450},
  isbn      = {9780197265826}
}

@incollection{Harrison2013_CommunionGoodLiving,
  author    = {Joel Harrison},
  title     = {'A Communion in Good Living': Human Dignity and Religious Liberty beyond the Overlapping Consensus},
  booktitle = {Understanding Human Dignity},
  editor    = {Christopher McCrudden},
  publisher = {Oxford University Press},
  year      = {2013},
  pages     = {451--466},
  isbn      = {9780197265826}
}

@incollection{Cameron2013_DignityDisgrace,
  author    = {Edwin Cameron},
  title     = {Dignity and Disgrace: Moral Citizenship and Constitutional Protection},
  booktitle = {Understanding Human Dignity},
  editor    = {Christopher McCrudden},
  publisher = {Oxford University Press},
  year      = {2013},
  pages     = {467--482},
  isbn      = {9780197265826}
}

@incollection{Tollefsen2013_DignityMarriage,
  author    = {Christopher Tollefsen},
  title     = {The Dignity of Marriage},
  booktitle = {Understanding Human Dignity},
  editor    = {Christopher McCrudden},
  publisher = {Oxford University Press},
  year      = {2013},
  pages     = {483--500},
  isbn      = {9780197265826}
}

@incollection{George2013_ResponseTollefsenCameron,
  author    = {Robert P. George},
  title     = {Response to Tollefsen and Cameron},
  booktitle = {Understanding Human Dignity},
  editor    = {Christopher McCrudden},
  publisher = {Oxford University Press},
  year      = {2013},
  pages     = {501--508},
  isbn      = {9780197265826}
}

@incollection{Siegel2013_DignityUnbornLife,
  author    = {Reva Siegel},
  title     = {Dignity and the Duty to Protect Unborn Life},
  booktitle = {Understanding Human Dignity},
  editor    = {Christopher McCrudden},
  publisher = {Oxford University Press},
  year      = {2013},
  pages     = {509--524},
  isbn      = {9780197265826}
}

@incollection{Jones2013_DignityBioethics,
  author    = {David Albert Jones},
  title     = {Is Dignity Language Useful in Bioethical Discussion of Assisted Suicide and Abortion?},
  booktitle = {Understanding Human Dignity},
  editor    = {Christopher McCrudden},
  publisher = {Oxford University Press},
  year      = {2013},
  pages     = {525--538},
  isbn      = {9780197265826}
}

@incollection{Reaume2013_DignityChoice,
  author    = {Denise Reaume},
  title     = {Dignity, Choice, and Circumstances},
  booktitle = {Understanding Human Dignity},
  editor    = {Christopher McCrudden},
  publisher = {Oxford University Press},
  year      = {2013},
  pages     = {539--558},
  isbn      = {9780197265826}
}

@incollection{Sedmak2013_DignityPoverty,
  author    = {Clemens Sedmak},
  title     = {Human Dignity, Interiority, and Poverty},
  booktitle = {Understanding Human Dignity},
  editor    = {Christopher McCrudden},
  publisher = {Oxford University Press},
  year      = {2013},
  pages     = {559--572},
  isbn      = {9780197265826}
}

@incollection{Vining2013_DignityPerception,
  author    = {Joseph Vining},
  title     = {Dignity as Perception: Recognition of the Human Individual and the Individual Animal in Legal Thought},
  booktitle = {Understanding Human Dignity},
  editor    = {Christopher McCrudden},
  publisher = {Oxford University Press},
  year      = {2013},
  pages     = {573--592},
  isbn      = {9780197265826}
}

@incollection{Mahlmann2013_DignityFatigue,
  author    = {Matthias Mahlmann},
  title     = {The Good Sense of Dignity: Six Antidotes to Dignity Fatigue in Ethics and Law},
  booktitle = {Understanding Human Dignity},
  editor    = {Christopher McCrudden},
  publisher = {Oxford University Press},
  year      = {2013},
  pages     = {593--614},
  isbn      = {9780197265826}
}

@incollection{Carozza2013_HumanRightsExperience,
  author    = {Paolo G. Carozza},
  title     = {Human Rights, Human Dignity, and Human Experience},
  booktitle = {Understanding Human Dignity},
  editor    = {Christopher McCrudden},
  publisher = {Oxford University Press},
  year      = {2013},
  pages     = {615--630},
  isbn      = {9780197265826}
}

@incollection{Schlink2013_ConceptHumanDignity,
  author    = {Bernhard Schlink},
  title     = {The Concept of Human Dignity: Current Usages, Future Discourses},
  booktitle = {Understanding Human Dignity},
  editor    = {Christopher McCrudden},
  publisher = {Oxford University Press},
  year      = {2013},
  pages     = {631--636},
  isbn      = {9780197265826}
}

@incollection{Neuman2013_DiscoursesDignity,
  author    = {Gerald L. Neuman},
  title     = {Discourses of Dignity},
  booktitle = {Understanding Human Dignity},
  editor    = {Christopher McCrudden},
  publisher = {Oxford University Press},
  year      = {2013},
  pages     = {637--648},
  isbn      = {9780197265826}
}

@incollection{Kemmerer2013_DignifiedDisciplinarity,
  author    = {Alexandra Kemmerer},
  title     = {Dignified Disciplinarity: Towards a Transdisciplinary Understanding of Human Dignity},
  booktitle = {Understanding Human Dignity},
  editor    = {Christopher McCrudden},
  publisher = {Oxford University Press},
  year      = {2013},
  pages     = {649--658},
  isbn      = {9780197265826}
}

@misc{McCrudden2013_FrontMatter,
  title     = {Understanding Human Dignity: Front Matter},
  subtitle  = {Preface, Acknowledgements, Notes on Contributors},
  editor    = {Christopher McCrudden},
  booktitle = {Understanding Human Dignity},
  publisher = {Oxford University Press},
  year      = {2013},
  address   = {Oxford},
  pages     = {i--xxix},
  isbn      = {9780197265826},
  note      = {Front matter including prefaces and contributor biographies},
  keywords  = {human dignity, preface, contributors, legal philosophy}
}

@misc{McCrudden2013_BackMatter,
  title     = {Understanding Human Dignity: Back Matter},
  subtitle  = {Select Bibliography, Tables of Cases, Other Legal Authorities, Index},
  editor    = {Christopher McCrudden},
  booktitle = {Understanding Human Dignity},
  publisher = {Oxford University Press},
  year      = {2013},
  address   = {Oxford},
  pages     = {659--728},
  isbn      = {9780197265826},
  note      = {Includes bibliography, legal tables, and index},
  keywords  = {human dignity, bibliography, legal references, index}
}