@article{Sensen2015_KantDignityReconsidered,
  author    = {Oliver Sensen},
  title     = {Kant on Human Dignity Reconsidered},
  journal   = {Kant-Studien},
  volume    = {106},
  number    = {1},
  pages     = {107--129},
  year      = {2015},
  doi       = {10.1515/kant-2015-0009},
  publisher = {De Gruyter}
}

@book{sensen2011kant,
  title     = {Kant on Human Dignity},
  author    = {Oliver Sensen},
  year      = {2011},
  publisher = {De Gruyter},
  address   = {Berlin, Boston},
  series    = {Kantstudien-Erg√§nzungshefte},
  volume    = {166},
  isbn      = {9783110266214},
  doi       = {10.1515/9783110267167},
  url       = {https://www.degruyter.com/document/doi/10.1515/9783110267167/html?lang=en}
}

@article{Sensen2009KantDignity,
  author    = {Oliver Sensen},
  title     = {Kant's Conception of Human Dignity},
  journal   = {Kant-Studien},
  volume    = {100},
  number    = {3},
  pages     = {309--331},
  year      = {2009},
  publisher = {Walter de Gruyter},
  doi       = {10.1515/kant.2009.018}
}