@book{Killmister2020_Book,
  author    = {Suzy Killmister},
  title     = {Contours of Dignity},
  publisher = {Oxford University Press},
  year      = {2020},
  address   = {Oxford},
  isbn      = {9780198844365},
  doi       = {10.1093/oso/9780198844365.001.0001}
}

@incollection{Killmister2020_Introduction,
  author    = {Suzy Killmister},
  title     = {Introduction},
  booktitle = {Contours of Dignity},
  publisher = {Oxford University Press},
  year      = {2020},
  pages     = {1--15},
  isbn      = {9780198844365},
  doi       = {10.1093/oso/9780198844365.001.0001}
}

@incollection{Killmister2020_Theory,
  author    = {Suzy Killmister},
  title     = {A Theory of Dignity},
  booktitle = {Contours of Dignity},
  publisher = {Oxford University Press},
  year      = {2020},
  pages     = {16--38},
  isbn      = {9780198844365},
  doi       = {10.1093/oso/9780198844365.001.0001}
}

@incollection{Killmister2020_Fragility,
  author    = {Suzy Killmister},
  title     = {The Fragility of Dignity},
  booktitle = {Contours of Dignity},
  publisher = {Oxford University Press},
  year      = {2020},
  pages     = {39--71},
  isbn      = {9780198844365},
  doi       = {10.1093/oso/9780198844365.001.0001}
}

@incollection{Killmister2020_Shame,
  author    = {Suzy Killmister},
  title     = {Dignity and Shame},
  booktitle = {Contours of Dignity},
  publisher = {Oxford University Press},
  year      = {2020},
  pages     = {72--99},
  isbn      = {9780198844365},
  doi       = {10.1093/oso/9780198844365.001.0001}
}

@incollection{Killmister2020_Recognition,
  author    = {Suzy Killmister},
  title     = {Dignity and Recognition},
  booktitle = {Contours of Dignity},
  publisher = {Oxford University Press},
  year      = {2020},
  pages     = {100--128},
  isbn      = {9780198844365},
  doi       = {10.1093/oso/9780198844365.001.0001}
}

@incollection{Killmister2020_HumanRights,
  author    = {Suzy Killmister},
  title     = {Human Dignity and Human Rights},
  booktitle = {Contours of Dignity},
  publisher = {Oxford University Press},
  year      = {2020},
  pages     = {129--156},
  isbn      = {9780198844365},
  doi       = {10.1093/oso/9780198844365.001.0001}
}