@phdthesis{Son2018_HumanDignityLegal,
  author    = {Jeyoun Son},
  title     = {Human Dignity as a Legal Concept},
  school    = {Seoul National University},
  year      = {2018},
  month     = feb,
  language  = {korean},
  type      = {PhD dissertation},
  note      = {This dissertation was authored by the maintainer of the current repository.},
  keywords  = {human dignity, legal philosophy, constitutional law, fundamental rights, dissertation}
}
