@book{Darwall2006_SecondPerson,
  author    = {Stephen L. Darwall},
  title     = {The Second-Person Standpoint: Morality, Respect, and Accountability},
  publisher = {Harvard University Press},
  year      = {2006},
  address   = {Cambridge, MA},
  isbn      = {9780674022744},
  pages     = {348},
  keywords  = {ethics, moral philosophy, accountability, respect, second-person standpoint},
  abstract  = {Stephen Darwall argues that moral obligation is essentially interpersonal, rooted in the authority we have to make claims on one another. This 'second-person standpoint' provides the foundation for understanding moral concepts such as rights, dignity, and respect.}
}