@incollection{Waldron2025_HumanDignity,
  author    = {Jeremy Waldron},
  title     = {Human Dignity},
  booktitle = {The Cambridge Handbook of Constitutional Theory},
  editor    = {Richard Bellamy and Jeff King},
  publisher = {Cambridge University Press},
  year      = {2025},
  chapter   = {2},
  doi       = {10.1017/9781108868143.004},
  url       = {https://doi.org/10.1017/9781108868143.004},
  keywords  = {human dignity, constitutional theory, Jeremy Waldron, Cambridge Handbook}
}