@book{Zylberman2025_Book,
  author    = {Ariel Zylberman},
  title     = {Dignity and Rights},
  publisher = {Cambridge University Press},
  year      = {2025},
  address   = {Cambridge},
  isbn      = {9781009238571},
  doi       = {10.1017/9781009238601}
}

@incollection{Zylberman2025_Introduction,
  author    = {Ariel Zylberman},
  title     = {Introduction},
  booktitle = {Dignity and Rights},
  publisher = {Cambridge University Press},
  year      = {2025},
  pages     = {1--5},
  isbn      = {9781009238571},
  doi       = {10.1017/9781009238601}
}

@incollection{Zylberman2025_Dignity,
  author    = {Ariel Zylberman},
  title     = {Dignity: Between Naturalism and Conventionalism},
  booktitle = {Dignity and Rights},
  publisher = {Cambridge University Press},
  year      = {2025},
  pages     = {6--25},
  isbn      = {9781009238571},
  doi       = {10.1017/9781009238601}
}

@incollection{Zylberman2025_Rights,
  author    = {Ariel Zylberman},
  title     = {Rights: Between Naturalism and Conventionalism},
  booktitle = {Dignity and Rights},
  publisher = {Cambridge University Press},
  year      = {2025},
  pages     = {26--45},
  isbn      = {9781009238571},
  doi       = {10.1017/9781009238601}
}

@incollection{Zylberman2025_NaturalRights,
  author    = {Ariel Zylberman},
  title     = {Natural Rights: A Kind-Dispositional Model},
  booktitle = {Dignity and Rights},
  publisher = {Cambridge University Press},
  year      = {2025},
  pages     = {46--65},
  isbn      = {9781009238571},
  doi       = {10.1017/9781009238601}
}

@incollection{Zylberman2025_ConventionalRights,
  author    = {Ariel Zylberman},
  title     = {Conventional Rights: A Kind-Dispositional Model},
  booktitle = {Dignity and Rights},
  publisher = {Cambridge University Press},
  year      = {2025},
  pages     = {66--85},
  isbn      = {9781009238571},
  doi       = {10.1017/9781009238601}
}